<?xml version="1.0" encoding="UTF-8"?><collection xmlns="http://www.loc.gov/MARC21/slim"><record><leader>00471nam--2200133-i-4500</leader><controlfield tag="001">000015560</controlfield><controlfield tag="002">20161230</controlfield><controlfield tag="005">20161230201031</controlfield><controlfield tag="008">060222s1000------------r-----000-0-eng-d</controlfield><datafield ind1=" " ind2=" " tag="080"><subfield code="a">621.375.826:533.9</subfield></datafield><datafield ind1=" " ind2=" " tag="245"><subfield code="a">Laser-plasma interactions 2.proceedings of the twenty-fourth scottish universities summer school in physics st.andrews,august 1982</subfield></datafield><datafield ind1=" " ind2=" " tag="260"><subfield code="a">Trowbridge,Scottish Universities Summer School In Physics,1983. 302 P</subfield></datafield><datafield ind1=" " ind2=" " tag="700"><subfield code="a">Cairns,R.A./S.A.</subfield></datafield><datafield ind1=" " ind2=" " tag="852"><subfield code="a">72854</subfield></datafield></record></collection>